<?xml version="1.0" encoding="UTF-8"?><record xmlns="http://www.loc.gov/MARC21/slim" xmlns:cinclude="http://apache.org/cocoon/include/1.0" xmlns:zs="http://www.loc.gov/zing/srw/">
  <leader>00427nz  a2200145n  4500</leader>
  <controlfield tag="001">no 98124351 </controlfield>
  <controlfield tag="003">DLC</controlfield>
  <controlfield tag="005">19981118052531.2</controlfield>
  <controlfield tag="008">981117n| acannaab|          |a aaa     c</controlfield>
  <datafield tag="010" ind1=" " ind2=" ">
    <subfield code="a">no 98124351 </subfield>
  </datafield>
  <datafield tag="035" ind1=" " ind2=" ">
    <subfield code="a">(OCoLC)oca04862845 </subfield>
  </datafield>
  <datafield tag="040" ind1=" " ind2=" ">
    <subfield code="a">TxDa</subfield>
    <subfield code="c">TxDa</subfield>
  </datafield>
  <datafield tag="100" ind1="1" ind2="0">
    <subfield code="a">Wood, Barbara,</subfield>
    <subfield code="d">1947-</subfield>
    <subfield code="t">Virgins of paradise.</subfield>
    <subfield code="l">Spanish</subfield>
  </datafield>
  <datafield tag="400" ind1="1" ind2="0">
    <subfield code="a">Wood, Barbara,</subfield>
    <subfield code="d">1947-</subfield>
    <subfield code="t">Vi패rgenes del parai패so</subfield>
  </datafield>
  <datafield tag="670" ind1=" " ind2=" ">
    <subfield code="a">Las vi패rgenes del parai패so, c1998.</subfield>
  </datafield>
</record>